%  a sample bibliography file
%  

@article{small,
author = {Freely, I.P.},
title = {A small paper},
journal = {The journal of small papers},
year = 1997,
volume = {-1},
note = {to appear},
}

@article{big,
author = {Jass, Hugh},
title = {A big paper},
journal = {The journal of big papers},
year = 7991,
volume = {MCMXCVII},
}

@article{dijkstra1959note,
  author = {Dijkstra, Edsger W.},
  title = {A Note on Two Problems in Connexion with Graphs},
  journal = {Numerische Mathematik},
  year = 1959,
  volume = 1,
  pages = {269--271}
}

@article{bellman1958routing,
  author = {Bellman, Richard},
  title = {On a Routing Problem},
  journal = {Quarterly of Applied Mathematics},
  year = 1958,
  volume = 16,
  number = 1,
  pages = {87--90}
}

@article{floyd1962algorithm,
  author = {Floyd, Robert W.},
  title = {Algorithm 97: Shortest Path},
  journal = {Communications of the ACM},
  year = 1962,
  volume = 5,
  number = 6,
  pages = {345}
}

@article{hart1968formal,
  author = {Hart, Peter E. and Nilsson, Nils J. and Raphael, Bertram},
  title = {A Formal Basis for the Heuristic Determination of Minimum Cost Paths},
  journal = {IEEE Transactions on Systems Science and Cybernetics},
  year = 1968,
  volume = 4,
  number = 2,
  pages = {100--107}
}

@online{geopy,
    title = {Welcome to GeoPyâ€™s documentation!},
    author = {GeoPy's dev team},
    url = {https://geopy.readthedocs.io/en/stable/#module-geopy.distance}
}

@online{mapmarker,
    title = {Map Marker website},
    author = {Map Marker dev team},
    url = {https://www.mapmarker.app/}
}

@online{networkx,
    title = {NetworkX Tutorial},
    author = {NetworkX dev team},
    url = {https://networkx.org/documentation/stable/tutorial.html}
}



%  The authors mentioned here are almost, but not quite,
%  entirely unrelated to Matt Groening.